@article{feldman_make,
	author    = "S. Feldman",
	title     = "Make - A Program for Maintaining Computer Programs",
	journal   = "Software - Practice and Experience",
	year      = "1979",
	volume    = "9",
	pages     = "255-265",
	language  = "russian",
}

@inproceedings{safeness_niels,
	author    = "N. Jorgensen",
	title     = "Safeness of Make-Based Incremental Recompilation",
	booktitle = "FME 2002: Formal Methods - Getting IT Right",
	pages    = "126-145",
	year      = "2002",
	language  = "russian",
}